@misc{stratum-rand,
author = "stratum.ac.ru",
title = "Генераторы случайных чисел",
howpublished = "\url{http://stratum.ac.ru/education/textbooks/modelir/lection22.html}",
note = "[Online; accessed 23-October-2016]"
}

@misc{habrahabr-nist,
author = "компания Код Безопасности",
title = "Статистическая проверка случайности двоичных последовательностей методами NIST",
howpublished = "\url{https://habrahabr.ru/company/securitycode/blog/237695/}",
note = "[Online; accessed 23-October-2016]"
}

@misc{habrahabr-hard-rand,
author = "Сергей @dlinyj",
title = "Создаём аппаратный генератор случайных чисел",
howpublished = "\url{https://habrahabr.ru/post/274833/}",
note = "[Online; accessed 23-October-2016]"
}